@Article{Prosperetti81,
 author = "A. Prosperetti",
 title = "Motion of two superposed viscous fluids",
 journal = "Phys.\ Fluids",
 year = "1981",
 volume = "24",
 number = "7",
 pages = "1217--1223",
}


@online{fftw,
  author = {{M. Frigo and S. G. Johnson}},
  title = {{FFTW}},
  year = 2017 ,
  url = {http://www.fftw.org/},
  urldate = {2017}
}


@online{thtlab,
  author = {{N. Kasagi}},
  title = {{DNS database}},
  year = 2017 ,
  url = {http://thtlab.jp/},
  urldate = {2017}
}


@book{CanutoHQZ06,
year = "2006",
author = "C. Canuto and M. Y. Hussaini and A. Quarteroni and T. A. Zang",
title = "Spectral Methods",
publisher = "Springer",
address = "Berlin, Germany",
}

